@book{RN7,
   author = {Antunes, Pedro and Carrico, Luis},
   title = {Modeling the information structures of meetingware},
   year = {2003},
   type = {Book}
}

@inproceedings{RN6,
   author = {Antunes, Pedro and Costa, Carlos J.},
   title = {Perceived Value: A Low-Cost Approach to Evaluate Meetingware},
   series = {Groupware: Design, Implementation, and Use},
   publisher = {Springer Berlin Heidelberg},
   pages = {109-125},
   ISBN = {978-3-540-39850-9},
   type = {Conference Proceedings}
}

@article{RN12,
   author = {Arai, Yasutomo and Nakano, Teppei and Fujie, Shinya and Kobayashi, Tetsunori},
   title = {A meeting assistance system with a collaborative editor for argument structure visualization},
   journal = {Interactive Poster at CSCW},
   year = {2010},
   type = {Journal Article}
}

@article{RN19,
   author = {Awati, Kailash},
   title = {Mapping project dialogues using IBIS: a case study and some reflections},
   journal = {International Journal of Managing Projects in Business},
   volume = {4},
   number = {3},
   pages = {498-511},
   ISSN = {1753-8378},
   year = {2011},
   type = {Journal Article}
}

@phdthesis{RN14,
   author = {Bossel, Yves},
   title = {Un prototipo de minuta para explorar la continuidad di\'alogica, entre reuniones, de las actividades y los di\'alogos que le dieron origen},
   university = {Universidad de Santiago de Chile},
   year = {2012},
   type = {Thesis}
}

@article{RN15,
   author = {Chang, Ing-Chau and Liou, Bo-Shen and Huang, Jau-Hsiung and Yu, Shiuh-Sheng and Shiah, Chee-Wen},
   title = {A Multimedia World Wide Web Based Conference Minute System for Group Collaboration},
   journal = {Multimedia Tools and Applications},
   volume = {9},
   number = {3},
   pages = {199-226},
   ISSN = {1573-7721},
   DOI = {10.1023/a:1009662809242},
   url = {https://doi.org/10.1023/A:1009662809242},
   year = {1999},
   type = {Journal Article}
}

@inproceedings{RN3,
   author = {Cruz, Armando and Correia, Ant\'nio and Paredes, Hugo and Fonseca, Benjamim and Morgado, Leonel and Martins, Paulo},
   title = {Towards an overarching classification model of CSCW and groupware: a socio-technical perspective},
   booktitle = {Proceedings of the 18th international conference on Collaboration and Technology},
   publisher = {Springer-Verlag},
   pages = {41-56},
   ISBN = {978-3-642-33283-8},
   DOI = {10.1007/978-3-642-33284-5_4},
   url = {http://dl.acm.org/citation.cfm?id=2404085.2404091},
   type = {Conference Proceedings}
}

@article{RN16,
   author = {De Liddo, Anna and Buckingham Shum, Simon},
   title = {Cohere: A prototype for contested collective intelligence},
   year = {2010},
   type = {Journal Article}
}

@article{RN17,
   author = {Dhenesh, Virallikattur S and Sitnikova, Elena and Slay, Jill},
   title = {Lessons towards developing an integrated tool-support for small team meetings},
   ISSN = {2074-9031},
   year = {2012},
   type = {Journal Article}
}

@article{RN18,
   author = {Echeverr\'ia, Rafael},
   title = {La Ontolog\'ia del Lenguaje, Dolmen Ediciones},
   journal = {Santiago},
   year = {1994},
   type = {Journal Article}
}

@article{RN20,
   author = {Geimer, Jennifer L and Leach, Desmond J and DeSimone, Justin A and Rogelberg, Steven G and Warr, Peter B},
   title = {Meetings at work: Perceived effectiveness and recommended improvements},
   journal = {Journal of Business Research},
   volume = {68},
   number = {9},
   ISSN = {0148-2963},
   year = {2015},
   type = {Journal Article}
}

@article{RN21,
   author = {Guerrero, Luis A and Pino, Jos\'e A},
   title = {Supporting discussions for decision meetings},
   journal = {Group Decision and Negotiation},
   volume = {18},
   number = {6},
   pages = {589},
   ISSN = {0926-2644},
   year = {2009},
   type = {Journal Article}
}

@article{RN22,
   author = {Isaacs, William N},
   title = {Taking flight: Dialogue, collective thinking, and organizational learning},
   journal = {Organizational dynamics},
   volume = {22},
   number = {2},
   pages = {24-39},
   ISSN = {0090-2616},
   year = {1993},
   type = {Journal Article}
}

@article{RN23,
   author = {James, Anne E and Nanos, Antonios G and Thompson, Philip},
   title = {V-ROOM: a virtual meeting system with intelligent structured summarisation},
   journal = {Enterprise Information Systems},
   volume = {10},
   number = {8},
   pages = {863-892},
   ISSN = {1751-7575},
   year = {2016},
   type = {Journal Article}
}

@article{RN24,
   author = {Leiva-Lobos, Edmundo and Antillanca, H\'ector and Ponce, H\'ector},
   title = {Un marco sist\'emico para orientar el dise\~no de artefactos del di\'alogo},
   journal = {Convergencia},
   volume = {15},
   number = {47},
   pages = {11-37},
   ISSN = {1405-1435},
   year = {2008},
   type = {Journal Article}
}

@article{RN25,
   author = {Niemantsverdriet, KARIN and Erickson, Thomas},
   title = {Recurring meetings: an experiential account of repeating meetings in a large organization},
   journal = {Proceedings of the ACM on Human-Computer Interaction},
   volume = {1},
   number = {CSCW},
   pages = {1},
   ISSN = {2573-0142},
   year = {2017},
   type = {Journal Article}
}

@article{RN26,
   author = {Nonaka, Ikujiro and Takeuchi, Hirotaka},
   title = {La empresa creadora de conocimiento},
   journal = {Gesti\'on del conocimiento},
   pages = {1-9},
   year = {2000},
   type = {Journal Article}
}

@article{RN27,
   author = {Ortega, Jos\'e-Felipe},
   title = {Open Collaboration: el movimiento colaborativo como motor para la innovaci\'on},
   year = {2012},
   type = {Journal Article}
}

@article{RN31,
   author = {Otto Scharmer, Claus},
   title = {Self-transcending knowledge: sensing and organizing around emerging opportunities},
   journal = {Journal of knowledge Management},
   volume = {5},
   number = {2},
   pages = {137-151},
   ISSN = {1367-3270},
   year = {2001},
   type = {Journal Article}
}

@article{RN2,
   author = {Penichet, V. M. R. and Marin, I. and Gallud, J. A. and Lozano, M. D. and Tesoriero, R.},
   title = {A Classification Method for CSCW Systems},
   journal = {Electronic Notes in Theoretical Computer Science (ENTCS)},
   volume = {168},
   pages = {237-247},
   ISSN = {1571-0661},
   DOI = {10.1016/j.entcs.2006.12.007},
   url = {http://dl.acm.org/citation.cfm?id=1224821.1225244},
   year = {2007},
   type = {Journal Article}
}

@article{RN28,
   author = {Post, Wilfried M and van den Boogaard, Sylvia AA},
   title = {Evaluating meeting support tools},
   journal = {Personal and Ubiquitous Computing},
   volume = {12},
   number = {3},
   pages = {223-235},
   ISSN = {1617-4909},
   year = {2008},
   type = {Journal Article}
}

@book{RN29,
   author = {Ries, Eric},
   title = {The lean startup: How today's entrepreneurs use continuous innovation to create radically successful businesses},
   publisher = {Crown Books},
   ISBN = {0307887898},
   year = {2011},
   type = {Book}
}

@inproceedings{RN30,
   author = {Romano, Nicholas C and Nunamaker, Jay F},
   title = {Meeting analysis: Findings from research and practice},
   booktitle = {System Sciences, 2001. Proceedings of the 34th Annual Hawaii International Conference on},
   publisher = {IEEE},
   pages = {13 pp.},
   ISBN = {0769509819},
   type = {Conference Proceedings}
}

@article{RN32,
   author = {Schmidt, Kjeld and Bannon, Liam},
   title = {Constructing CSCW: The first quarter century},
   journal = {Computer supported cooperative work (CSCW)},
   volume = {22},
   number = {4-6},
   pages = {345-372},
   ISSN = {0925-9724},
   year = {2013},
   type = {Journal Article}
}

@article{RN33,
   author = {Schwaber, Ken and Sutherland, Jeff},
   title = {The scrum guide},
   journal = {Scrum Alliance},
   volume = {21},
   year = {2011},
   type = {Journal Article}
}

@article{RN34,
   author = {Stolcke, Andreas and Ries, Klaus and Coccaro, Noah and Shriberg, Elizabeth and Bates, Rebecca and Jurafsky, Daniel and Taylor, Paul and Martin, Rachel and Ess-Dykema, Carol Van and Meteer, Marie},
   title = {Dialogue act modeling for automatic tagging and recognition of conversational speech},
   journal = {Computational linguistics},
   volume = {26},
   number = {3},
   pages = {339-373},
   ISSN = {0891-2017},
   year = {2000},
   type = {Journal Article}
}

@article{RN35,
   author = {Stray, Viktoria and Sjoberg, Dag IK and Dyba, Tore},
   title = {The daily stand-up meeting: A grounded theory study},
   journal = {Journal of Systems and Software},
   volume = {114},
   pages = {101-124},
   ISSN = {0164-1212},
   year = {2016},
   type = {Journal Article}
}

@inproceedings{RN36,
   author = {Vizcaino, Aurora and Piattini, Mario and Martinez, Manuel and Aranda, Gabriela},
   title = {Evaluating collaborative applications from a knowledge management approach},
   booktitle = {Enabling Technologies: Infrastructure for Collaborative Enterprise, 2005. 14th IEEE International Workshops on},
   publisher = {IEEE},
   pages = {221-225},
   ISBN = {0769523625},
   type = {Conference Proceedings}
}

@book{RN39,
   author = {Winograd, Terry and Flores, Fernando and Flores, Fernando F},
   title = {Understanding computers and cognition: A new foundation for design},
   publisher = {Intellect Books},
   ISBN = {0893910503},
   year = {1986},
   type = {Book}
}

@inproceedings{RN37,
   author = {Yu, Shoou-Jong and Selker, Ted},
   title = {Who said what when?: capturing the important moments of a meeting},
   booktitle = {CHI'10 Extended Abstracts on Human Factors in Computing Systems},
   publisher = {ACM},
   pages = {3283-3288},
   ISBN = {1605589306},
   type = {Conference Proceedings}
}

@inproceedings{RN38,
   author = {Yu, Zhiyong and Guo, Wenzhong and Zheng, Xianghan},
   title = {A brief review: Groupware evaluation by performance of specific tasks},
   booktitle = {TENCON 2013-2013 IEEE Region 10 Conference (31194)},
   publisher = {IEEE},
   pages = {1-4},
   ISBN = {1479928275},
   type = {Conference Proceedings}
}

